
	<!-- Roman de renart: Ensemble -->
	<marc:record>
		<marc:leader>00761nam0 2200241   450 </marc:leader>
		<marc:controlfield tag="001">8</marc:controlfield>
		<marc:datafield ind1=" " ind2=" " tag="010">
			<marc:subfield code="a">978-2-0812-0963-3</marc:subfield>
			<marc:subfield code="d">2,70 euro</marc:subfield>
		</marc:datafield>
		<marc:datafield ind1="1" ind2=" " tag="101">
			<marc:subfield code="a">French</marc:subfield>
		</marc:datafield>		<marc:datafield ind1="1" ind2=" " tag="200">
			<marc:subfield code="a">Roman de Renart (Le)</marc:subfield>
			<marc:subfield code="f">Christian Keime</marc:subfield>
			<marc:subfield code="g">Monique Lachet-Lagarde</marc:subfield>
		</marc:datafield>
		<marc:datafield ind1=" " ind2=" " tag="210">
			<marc:subfield code="a">Paris</marc:subfield>
			<marc:subfield code="c">Flammarion</marc:subfield>
			<marc:subfield code="d">2008</marc:subfield>
		</marc:datafield>
		<marc:datafield ind1=" " ind2=" " tag="215">
			<marc:subfield code="a">159 pages</marc:subfield>
			<marc:subfield code="c">Illustrations, cover with colorful illustrations</marc:subfield>
			<marc:subfield code="d">18 cm</marc:subfield>
		</marc:datafield>
		<marc:datafield ind1="|" ind2=" " tag="225">
			<marc:subfield code="a">Etonnants classiques</marc:subfield>
			<marc:subfield code="h">335</marc:subfield>
		</marc:datafield>
		<marc:datafield ind1=" " ind2="0" tag="410">
			<marc:subfield code="3">colauth-007</marc:subfield>
			<marc:subfield code="t">Etonnants classiques</marc:subfield>
		</marc:datafield>
		<marc:datafield ind1=" " ind2="1" tag="700">
			<marc:subfield code="3">pauth-005</marc:subfield>
			<marc:subfield code="4">300</marc:subfield>
			<marc:subfield code="a">Keime</marc:subfield>
			<marc:subfield code="b">Christian</marc:subfield>
		</marc:datafield>
		<marc:datafield ind1=" " ind2="1" tag="701">
			<marc:subfield code="3">pauth-006</marc:subfield>
			<marc:subfield code="4">010</marc:subfield>
			<marc:subfield code="a">Lachet-Lagarde</marc:subfield>
			<marc:subfield code="b">Monique</marc:subfield>
		</marc:datafield>
	</marc:record>