
	<marc:record>
		<marc:leader>00761nam0 2200241   450 </marc:leader>
		<marc:controlfield tag="001">9</marc:controlfield>
		<marc:datafield ind1=" " ind2=" " tag="010">
			<marc:subfield code="a">978-2-7560-0358-0</marc:subfield>
			<marc:subfield code="d">8,90 Euros</marc:subfield>
		</marc:datafield>
		<marc:datafield ind1="|" ind2=" " tag="101">
			<marc:subfield code="a">French</marc:subfield>
		</marc:datafield>		<marc:datafield ind1="1" ind2=" " tag="200">
			<marc:subfield code="a">Jambons d'Ysengrin (Les )</marc:subfield>
			<marc:subfield code="f">Jean-Marc Mathis</marc:subfield>
			<marc:subfield code="g">illustrated by Thierry Martin</marc:subfield>
		</marc:datafield>
		<marc:datafield ind1=" " ind2=" " tag="210">
			<marc:subfield code="a">Paris</marc:subfield>
			<marc:subfield code="c">Delcourt</marc:subfield>
			<marc:subfield code="d">2007</marc:subfield>
		</marc:datafield>
		<marc:datafield ind1=" " ind2=" " tag="215">
			<marc:subfield code="a">31 pages</marc:subfield>
			<marc:subfield code="c">colorful illustrations</marc:subfield>
			<marc:subfield code="d">30 cm</marc:subfield>
		</marc:datafield>
		<marc:datafield ind1=" " ind2="|" tag="461">
			<marc:subfield code="3">tauth-001</marc:subfield>
			<marc:subfield code="t">Roman de Renart</marc:subfield>
			<marc:subfield code="v">1</marc:subfield>
		</marc:datafield>
		<marc:datafield ind1=" " ind2="1" tag="700">
			<marc:subfield code="3">pauth-026</marc:subfield>
			<marc:subfield code="a">Mathis</marc:subfield>
			<marc:subfield code="b">Jean-Marc</marc:subfield>
			<marc:subfield code="4">070</marc:subfield>
		</marc:datafield>
		<marc:datafield ind1=" " ind2="1" tag="701">
			<marc:subfield code="3">pauth-027</marc:subfield>
			<marc:subfield code="a">Martin</marc:subfield>
			<marc:subfield code="b">Thierry</marc:subfield>
			<marc:subfield code="4">440</marc:subfield>
		</marc:datafield>
	</marc:record>
</marc:collection>